@Manual{esp32manual,
	title = 	 {ESP32-C3 Series Datasheet},
	organization = {Espressif Systems},
	year = 	 {2023},
	url = 	 {https://www.espressif.com/sites/default/files/documentation/esp32-c3_datasheet_en.pdf}
}

@Manual{espressif,
	title = 	 {ESP-IDF Programming Guide},
	organization = {Espressif Systems},
	year = 	 {2023},
	url = 	 {https://docs.espressif.com/projects/esp-idf/en/v5.0.2/esp32c3/index.html}
}

@Manual{esp_mini,
	title = {ESP32-C3-Mini 1 Datasheet}, 
	organization = {Espressif Systems},
	year = {2023},
	url = {https://www.espressif.com/sites/default/files/documentation/esp32-c3-mini-1_datasheet_en.pdf}
}

@Article{esp_wifi_connect_overview,
	title = {ESP32 Useful Wi-Fi Library Functions },
	author = {Random Nerd Tutorials},
	year = {2021}, 
	url = {https://randomnerdtutorials.com/esp32-useful-wi-fi-functions-arduino/}
}

@Article{how_wifi_works,
	title = {How WiFi Works},
	author = {Marshall Brain and Talon Homer},
	year = {2021}, 
	url = {https://computer.howstuffworks.com/wireless-network.htm}
}

@Manual{ieee,
	title = {IEEE 802.11 Wireless Local Area Networks},
	organization = {The Working Group for WLAN Standards},
	year = {2023}, 
	url = {https://www.ieee802.org/11/}
}

@Article{microsoft_ieee,
	title = {Wi-Fi problems in your home}, 
	author = {Microsoft},
	url = {https://support.microsoft.com/hr-hr/windows/problemi-s-wi-fijem-i-raspored-va%C5%A1ega-doma-e1ed42e7-a3c5-d1be-2abb-e8fad00ad32a}
}

@Manual{aws_docs,
	title = {AWS Documentation},
	organization = {Amazon.com, Inc.},
	year = {2024},
	url = {https://docs.aws.amazon.com/index.html}
}

@Article{what_is_aws,
	title = {Amazon Web Services (AWS)},
	author = {N. Barney, A. S. Gillis},
	url = {https://www.techtarget.com/searchaws/definition/Amazon-Web-Services}
}

@Manual{what_is_mqtt,
	title = {MQTT},
	organization = {MQTT.org},
	year = {2022}
}

@Article{what_is_edge, 
	title = {What is edge computing? Everything you need to know},
	author = {Stephen J. Bigelow},
	year = {2021},
	url = {https://www.techtarget.com/searchdatacenter/definition/edge-computing}
}

@misc{quick_connect_app,
	title = {AWS Quick Connect Application},
	url = {https://github.com/espressif/aws-quickconnect}
}

@misc{iot-reference-esp32-c3,
	title = {iot-reference-esp32-c3},
	url = {https://github.com/FreeRTOS/iot-reference-esp32c3}
}

@misc{esp-aws-iot,
	title = {esp-aws-iot},
	url = {https://github.com/espressif/esp-aws-iot/blob/release/202012.04-LTS/examples}
}

@misc{setup_aws,
	title = {AWS Setup},
	url = {https://github.com/FreeRTOS/iot-reference-esp32c3/blob/main/AWSSetup.md}
}

@misc{esp_ble_provisioning,
	title = {ESP BLE Provisioning App},
	author = {Espressif},
	url = {https://play.google.com/store/apps/details?id=com.espressif.provble&hl=en_US}
}

@Manual{cbor,
	title = {CBOR},
	author = {C. Bormann},
	year = {2020},
	url = {https://cbor.io/}
}

@Article{top_25_iot,
	url = {https://www.intuz.com/guide-on-top-iot-development-boards},
	year = {2021}
}